@ARTICLE{ART:1,
AUTHOR="Dán András, Varjú György",
TITLE="Felharmonikus szűrés és alapharmonikus meddőteljesítmény kompenzáció. Alkalmazás a nagyvasúti villamos vontatási alállomásban",
JOURNAL="Elektrotechnika",
VOLUME="10-11 kötet",
PAGES="  394-404 oldal",
YEAR="1988",
}

@BOOK{BOOK:1,
    AUTHOR="Dán András, Tersztyánszky Tibor, Varjú György",
    TITLE="Villamosenergia minőség",
    YEAR="2006",
    PUBLISHER="Invest-Marketing Kft.",
    ADDRESS="Budapest, Magyarország"
}

@BOOK{BOOK:2,
    AUTHOR="Horváth Viktor, Zádori Zoltán",
    TITLE="Villamos mozdonyok műszaki leírása és kezelési utasítása a mozdonyvezetők részére",
    PUBLISHER="Közdok",
    ADDRESS="Budapest, Magyarország",
    YEAR="1983"
}
